2678 4770
514 357 733 422 Puuuut'no.
1125 362 1165 425 xl

89 529 165 593 simo
183 527 314 593 mcundo
331 528 462 612 prolem,
487 544 563 587 nune
580 526 653 610 apud
669 522 816 591 Senecam
836 547 896 590 non
917 527 1067 612 leguntur.
1112 526 1166 595 ille

89 657 186 711 autem
203 646 293 711 Gellii
315 647 398 710 loeus
421 641 544 705 eudoxie
559 644 696 726 quosdam
718 645 871 724 librarios,
895 655 928 708 ut
944 666 984 709 ex
1000 643 1065 710 XX
1082 647 1165 712 libris

89 765 221 828 neonem
237 760 351 827 XXII:
375 760 443 838 olii,
475 779 533 841 quo
551 758 683 843 pleniora
699 761 870 827 videremur
886 765 1085 851 exemplaris,
1109 788 1164 831 en·

90 881 250 945 libueruot
271 879 360 943 etium
385 872 493 938 XXV.
538 873 626 959 Quod
653 875 683 939 in
701 876 869 960 quibusdum
887 881 971 944 codd.
987 882 1164 968 (deusto

90 995 179 1060 Pan.
199 1003 296 1059 osso.
316 1003 411 1058 uolo.
441 991 549 1058 snitu
579 1001 674 1056 rouo.
696 1000 776 1057 sse.
806 992 854 1057 su.
879 992 982 1062 Geni.
1007 1008 1101 1065 eruo.
1119 1003 1163 1086 tt)

91 1111 160 1174 libri
176 1110 295 1174 omnino
310 1132 368 1175 nou
382 1110 595 1196 significentur,
615 1110 687 1175 dues
705 1131 811 1174 eeusus
827 1111 950 1175 subesse
967 1126 1054 1199 puto:
1075 1119 1165 1186 libre·

91 1227 148 1307 rii,
171 1249 236 1292 cnm
255 1228 286 1292 iu
299 1228 366 1292 eliis
390 1228 608 1313 exemplaribus
625 1227 713 1292 ulium
733 1227 875 1293 libronum
888 1229 1104 1297 distinctionem
1122 1238 1166 1300 in·

88 1319 258 1428 venissent,
282 1347 373 1410 tutius
392 1344 544 1411 duxerunt
564 1366 629 1411 eum
647 1367 767 1432 prorsus
793 1346 930 1411 omittere
950 1370 1036 1435 quem
1065 1344 1167 1419 uben

62 1476 65 1482 '
86 1464 232 1549 recipere.
277 1465 381 1555 deinde
399 1465 539 1528 librorum
555 1464 640 1528 initia
658 1474 688 1528 et
705 1464 780 1530 lines
797 1464 888 1530 rubro
901 1467 1081 1537 comantur
1097 1482 1165 1559 post

87 1582 250 1647 absolutum
269 1593 427 1673 contextus
443 1581 632 1667 scriptionem
655 1602 710 1647 nee
732 1584 769 1646 ub
784 1582 888 1647 iisden
909 1605 1043 1672 semper,
1066 1572 1165 1675 niqui·

89 1699 145 1763 bus
169 1699 219 1764 ille
245 1710 497 1779 oculosoculos,
530 1701 607 1783 quod
633 1700 835 1767 demonstrent
860 1701 1024 1768 litterarum
1048 1706 1164 1774 metus.

87 1816 221 1902 Apparet
237 1828 335 1882 autem
351 1817 380 1880 id
395 1817 481 1881 lacile
498 1828 548 1881 nut
569 1817 688 1881 omuino
707 1819 837 1902 pouuisse
850 1819 944 1882 omitti
966 1833 1017 1885 eut
1034 1834 1116 1888 certe
1132 1826 1164 1890 in

89 1933 128 1997 iis
144 1934 232 2014 locis,
249 1935 299 1998 ubi
314 1935 411 1996 minus
425 1933 512 2016 spatii
529 1943 610 1995 esset
623 1934 769 1996 relietum.
802 1932 885 1997 Idem
900 1937 981 1998 vaiet
996 1938 1032 2001 de
1039 1939 1071 2019 *l
1086 1941 1166 2004 salu·

90 2051 212 2113 udonis
229 2048 367 2112 lormulu.
398 2045 552 2130 Subiuugo
569 2046 707 2123 ubedam,
724 2047 755 2108 io
772 2067 830 2129 quu
847 2049 1067 2132 conspiciuntur
1078 2030 1168 2118 libro-

90 2187 156 2229 rum
181 2165 265 2230 initia
287 2164 395 2229 notatis
419 2163 457 2227 iis
483 2161 633 2248 epistolis,
656 2182 673 2224 o
697 2161 801 2247 quibus
825 2162 979 2248 incipiunt.
1025 2162 1167 2239 Codicum

89 2293 231 2347 mutorum
248 2284 516 2369 impressomumque
538 2281 640 2344 eudem
665 2289 735 2343 sunt
751 2281 854 2367 signe,
880 2282 982 2366 quibus
1000 2284 1068 2349 olibi
1085 2279 1165 2371 utor,

88 2411 207 2485 praeter
218 2398 287 2469 Vet
299 2425 336 2479 o,
360 2422 483 2486 quorum
499 2400 554 2462 hoe
568 2397 714 2483 siguificat
732 2399 798 2462 cod.
814 2397 985 2466 Vindobon.
1006 2401 1088 2471 ccl.
1104 2409 1166 2492 (se-

90 2520 215 2583 cuudum
235 2516 405 2583 Endlicberi
423 2517 600 2599 rationem),
623 2516 694 2580 illud
713 2518 781 2581 uod.
800 2515 971 2583 Vindobon.
987 2518 1074 2602 CC„
1098 2547 1165 2593 cum

90 2659 147 2721 quo
158 2637 328 2701 consentire
345 2636 588 2700 dieitureiusdem
599 2634 793 2699 bibliothecae
807 2636 874 2700 eod.
887 2634 986 2704 CCII.
999 2639 1046 2706 slt
1058 2645 1167 2709 indicat

90 2755 248 2819 commemo
269 2755 364 2819 codici
380 2752 411 2818 11
426 2753 559 2818 ndiectur
591 2771 626 2814 eu
646 2752 764 2816 laudavi
787 2762 917 2833 tautum,
941 2759 991 2822 ubi
1014 2781 1080 2822 oum
1101 2761 1167 2844 ipso

91 2872 193 2937 codice
211 2873 392 2948 discordant,
415 2872 446 2933 iu
463 2891 521 2954 quo
537 2867 604 2932 libri
621 2869 692 2931 noni
709 2869 776 2931 linis
793 2870 955 2953 decimique
975 2873 1089 2937 initium
1106 2896 1167 2938 oon

94 2996 267 3051 cernuntur.
311 2997 466 3068 utrumque
488 2984 680 3069 supplendum
705 3003 778 3046 esse
808 2996 878 3047 ente
901 2983 960 3068 Ep.
982 2996 1035 3051 71.
1062 2989 1168 3073 colligo

91 3105 172 3183 iude,
196 3105 273 3187 quod
290 3122 326 3166 eu
341 3120 399 3165 uun
415 3101 542 3162 omnium
559 3110 642 3163 curet
658 3109 843 3182 arguerem,
868 3102 943 3185 quod
960 3103 1070 3168 dieunt.
1106 3104 1168 3171 Un.

94 3244 146 3286 cos
161 3220 358 3299 circumdedi,
382 3217 408 3282 si
424 3216 456 3280 in
477 3237 534 3301 quo
557 3214 659 3280 codice
679 3215 793 3280 initium
812 3218 877 3282 libri
895 3241 954 3284 uon
973 3222 1166 3308 significatur,

94 3342 145 3405 ned
167 3339 316 3404 divinatur
337 3347 461 3402 mutum.

95 3524 157 3575 uum
175 3524 222 3591 Ep.
236 3519 378 3574 89-1‘24.
398 3520 514 3590 (primurn
539 3529 565 3568 et
589 3519 724 3568 secundom
744 3536 820 3588 rocpc
842 3531 899 3571 runt
923 3524 1080 3594 coniunctnl:
1109 3528 1169 3577 hine

96 3634 165 3678 recte
183 3622 306 3689 colligitur
323 3632 436 3691 quinctium
454 3621 572 3670 volumen
589 3618 712 3686 integrum
729 3620 862 3688 deperisse.

161 3725 189 3786 ⁶)
206 3723 342 3773 Enturbntn
358 3731 396 3773 eet
411 3739 441 3772 eo
454 3719 530 3772 etium
543 3720 724 3784 communiis,
750 3738 813 3790 quoe
836 3723 909 3774 multi
933 3723 1007 3775 codd.
1026 3725 1087 3789 (nou
1102 3722 1170 3774 auti-

99 3821 221 3891 quieeimi)
235 3822 334 3890 singulis
349 3821 461 3892 epistolis
475 3821 622 3890 praefigunt.
