2678 4770
147 356 213 417 Vlll
570 358 790 422 PRAEFATIO.

148 522 288 586 librorum
303 524 408 609 partim
431 524 468 588 alt
485 524 550 589 aliis
567 526 672 612 purtim
691 547 771 591 ame
787 527 852 610 ipso
867 534 1024 610 excerptas
1046 525 1158 589 subieci
1175 526 1226 589 acl·

149 639 218 703 ditis
240 642 328 704 etiam
351 643 483 706 virorum
506 644 658 708 doctorum
683 643 880 723 coniecturis,
905 654 938 706 ut
962 643 1136 727 probaretur
1155 664 1226 705 con-

94 828 99 837 ,
149 768 261 837 textus,
286 770 338 823 aut
351 761 474 846 amplius
488 774 590 846 posset
609 763 771 826 emendari.
817 760 883 825 Hos
900 760 1126 825 commentarios
1140 781 1225 843 quam

148 874 369 959 copiosissimos
385 879 458 956 ieci,
482 879 555 943 tales
575 891 686 943 tantum
703 881 820 943 adrem
837 881 968 943 criticam
988 878 1075 941 utiles
1090 897 1158 941 esse
1177 898 1226 940 ra·

150 1001 215 1055 tus:
238 992 362 1078 ideoque
384 996 516 1081 singulos
538 998 647 1077 libros,
671 1018 745 1080 quos
769 996 832 1080 ipse
852 997 992 1075 excussi,
1016 1006 1152 1059 accurate
1172 1016 1225 1058 no·

150 1109 223 1172 tavi.
263 1111 300 1175 tle
325 1114 433 1178 ceteris
461 1116 544 1200 plura
575 1116 646 1176 dare
681 1133 767 1195 quam
796 1131 969 1195 acceperam
995 1134 1055 1176 uon
1086 1113 1167 1196 potui
1197 1124 1227 1176 et

149 1226 260 1292 invitus
275 1250 365 1316 saepe
391 1232 495 1317 scripsi
506 1232 659 1313 plerique
673 1251 709 1309 pp
727 1228 826 1310 (coll.
842 1226 1003 1309 Romani),
1027 1231 1228 1310 antiquiores

147 1368 195 1426 pp,
210 1346 278 1427 alia,
299 1348 540 1430 quemadmodum
550 1344 759 1410 Sanctolonius
775 1354 979 1409 eructaverat.
1013 1339 1089 1407 Cum
1104 1344 1194 1407 libros
1209 1365 1225 1406 a

147 1482 195 1523 me
213 1463 278 1544 ipso
291 1465 436 1545 perlectos
454 1483 512 1526 non
534 1463 705 1527 nominatim
727 1461 974 1539 commemoravi,
998 1471 1068 1544 puta
1086 1481 1138 1524 eos
1156 1483 1226 1526 con·

147 1575 259 1638 sentire
285 1599 351 1641 cum
371 1580 517 1664 scriptura
540 1602 558 1644 a
582 1601 629 1643 me
654 1589 792 1663 recepta:
817 1580 853 1642 de
867 1578 988 1660 reliquis
1009 1579 1081 1641 nihil
1100 1580 1223 1643 affirmo.

147 1688 293 1776 Proposui
309 1695 400 1778 igitur
416 1718 476 1759 non
493 1719 529 1761 ea
548 1708 677 1775 tantum,
701 1717 776 1780 quac
791 1697 821 1759 in
836 1716 932 1759 meum
952 1717 1037 1759 usum
1056 1707 1125 1759 sunt
1138 1699 1226 1762 colla·

147 1818 196 1887 u,
219 1811 272 1874 sed
288 1812 347 1877 alia
363 1834 479 1898 quoqne
497 1814 685 1893 aPinciauo,
709 1812 853 1895 Grutero,
877 1812 1049 1899 Opsopoeo,
1072 1815 1139 1879 aliis
1156 1817 1225 1879 olim

148 1924 317 2001 observata.
362 1932 467 2016 quibos
483 1932 632 2018 congestis
653 1952 692 1996 ne
715 1931 802 1996 nimis
823 1943 973 1997 cresceret
993 1954 1065 2016 opus
1088 1935 1228 2019 (quatuor

148 2044 227 2111 cuim
250 2049 448 2117 voluminibus
466 2071 507 2117 ex
523 2062 609 2138 pacto
634 2062 681 2116 est
703 2050 946 2135 absolvendum),
969 2051 1048 2115 notis
1064 2074 1137 2117 usus
1161 2073 1226 2119 som

147 2172 180 2237 tl
197 2164 292 2249 tignis
308 2170 486 2250 commodis,
509 2180 542 2237 nt
558 2170 680 2255 opinore
704 2169 769 2254 ipse
787 2190 861 2237 vero
882 2190 976 2253 panca
1000 2179 1113 2235 tanmm
1133 2171 1225 2237 disse·

145 2280 214 2362 πί,
236 2303 304 2349 cum
317 2287 491 2369 praesertim
506 2287 538 2351 in
549 2288 647 2353 iudice
664 2296 752 2370 atque
773 2285 806 2349 in
821 2284 1065 2370 disputationibus
1080 2287 1116 2351 de
1131 2284 1226 2352 Sene·

146 2418 201 2467 cac
226 2400 449 2488 philosophandi
470 2416 502 2471 et
523 2404 672 2471 scribendi
699 2403 815 2469 ratione
840 2403 942 2467 eadem
974 2404 1119 2468 tractandi
1149 2405 1227 2471 loret
1320 2389 1323 2393 ⁴

146 2514 241 2583 boos.
284 2517 394 2605 Neque
409 2543 536 2603 vereor,
565 2544 604 2588 ne
624 2521 739 2587 crimini
757 2521 813 2585 hoc
834 2520 905 2585 mihi
918 2529 1037 2585 vertant
1060 2521 1117 2585 viri
1134 2522 1225 2603 docti,

146 2634 225 2718 qnod
235 2636 349 2703 cuano
363 2642 538 2726 temperari,
556 2642 583 2705 si
598 2638 786 2707 meminerint
801 2660 862 2705 non
876 2637 1021 2701 tironibus
1033 2659 1080 2703 me
1093 2639 1225 2705 laboras·

147 2770 194 2831 oc,
207 2754 263 2820 sel
278 2754 352 2840 ipsis
367 2758 417 2841 qui
434 2779 480 2838 ea,
504 2779 580 2843 quae
594 2758 729 2843 prolerre
740 2755 905 2841 supersedi,
928 2755 1006 2819 bene
1020 2765 1106 2840 atque
1121 2758 1225 2823 melius

147 2867 236 2935 ctiam
251 2872 406 2939 ommni.
436 2872 530 2940 Certe
546 2875 624 2941 facili
641 2894 732 2960 opera
743 2874 835 2938 multa
850 2872 933 2958 potui
951 2873 1071 2939 laudare
1086 2874 1226 2939 derebus

146 2990 365 3072 gammone,
388 2993 615 3079 philosophicis,
637 2991 722 3070 alfii,
746 3011 822 3075 quse
840 2991 976 3055 omnmus
990 2993 1113 3058 eruditis
1129 3015 1226 3079 prom·

146 3114 198 3190 pta
215 3119 303 3173 suut:
337 3109 469 3175 faciliore
495 3112 585 3177 etiam
606 3131 646 3175 ex
663 3106 800 3175 Senecae
817 3109 901 3175 libris
926 3130 1090 3193 congerere
1113 3109 1226 3184 similes

145 3220 242 3305 locos,
265 3246 332 3291 cum
349 3237 468 3313 praeter
484 3248 532 3309 ea,
556 3250 631 3315 quae
647 3228 713 3314 ipse
726 3247 780 3314 per
793 3238 838 3291 tot
851 3247 946 3290 anuos
956 3225 1074 3309 collegi,
1096 3224 1226 3290 inlibris

146 3339 221 3405 meis
237 3342 279 3407 sit
294 3344 401 3428 ingens
420 3344 553 3411 Granwii
570 3346 664 3410 inlex
680 3354 786 3409 metus.
832 3341 981 3425 Quantum
998 3343 1034 3407 ad
1051 3351 1145 3407 amem
1168 3343 1225 3405 cri·

145 3455 233 3521 ticam
250 3458 327 3525 benc
341 3465 538 3528 exercendam
557 3464 692 3527 conterat
710 3481 865 3539 errorum,
888 3460 936 3545 qui
955 3459 1112 3524 alibrariis
1128 3460 1225 3525 solent

146 3577 300 3658 committi,
324 3579 449 3665 diligens
466 3581 647 3660 observatio,
666 3579 740 3643 satis
754 3587 885 3643 constet:
909 3577 1020 3657 idcirco
1036 3597 1139 3642 eornm
1153 3598 1225 3662 quo·

146 3713 204 3777 quc
214 3693 342 3761 indicem
364 3698 533 3763 adiecturus
549 3697 685 3775 interim,
709 3695 955 3759 unicornuorum
973 3715 1041 3759 csse
1057 3694 1223 3775 videbatur,

145 3820 264 3894 practer
285 3824 404 3879 ceteros
429 3814 545 3879 laniari
562 3811 798 3878 Drakenborchii
820 3811 1048 3877 commentarios
1065 3809 1222 3879 Livianos.

144 3923 305 3993 Diversum
320 3932 479 3997 verhomm
497 3932 631 3997 ordinem
646 3930 685 3995 iis
709 3938 823 3994 tantum
843 3929 919 4002 locis
942 3930 1059 4010 notari,
1083 3931 1133 4015 qui
1151 3931 1224 3996 alias

144 4064 261 4128 quoque
274 4061 361 4113 crant
374 4049 521 4136 corruptis
544 4070 631 4134 quem
645 4048 671 4113 si
684 4048 793 4133 ultique
807 4047 967 4114 voluissem
983 4050 1110 4128 reterre,
1133 4067 1222 4111 unam

145 4160 308 4230 alterumve
335 4166 472 4231 volumen
494 4179 560 4232 erat
582 4166 789 4233 adiiciendum.
835 4164 901 4231 lloc
923 4177 1023 4233 umen
1047 4166 1159 4229 affirmo
1175 4181 1222 4227 me
