2678 4770
291 366 456 428 llPlS'l'Ub.
479 365 569 427 tion.
591 364 663 427 ΗΒ.
679 366 743 426 XV.
766 365 823 427 ΕΡ.
840 372 870 428 5.
896 372 970 440 (95.)
1101 364 1161 443 521

88 531 163 594 uiri:
196 542 347 616 postquam
366 533 444 595 docti
466 532 654 615 prodierunt,
688 532 758 596 boni
777 533 894 597 desunt.
939 530 1073 616 Simplex
1086 531 1166 597 enim

86 631 135 695 illa
150 642 181 696 et
196 643 297 717 aperta
315 634 409 696 uirtus
422 633 453 694 in
467 632 623 696 obscuram
642 643 672 696 et
686 635 824 698 solertem
842 634 996 698 scientiam
1013 654 1101 698 uersa
1117 644 1165 699 est

86 732 282 815 docemurque
296 734 456 817 disputare,
480 755 539 797 uon
554 734 669 798 uiuere.
713 731 784 798 Fuit
800 735 865 798 sine
880 735 979 813 dubio,
1003 746 1035 798 ut
1051 735 1159 817 dicitis,
1176 761 1201 806 ie

86 843 173 896 uetus
195 832 245 896 illa
259 833 401 918 sapientia
419 846 480 897 tum
502 834 632 899 maxime
646 855 771 898 nascens
786 835 868 899 rudis
890 857 949 899 non
962 837 1059 901 minus
1075 859 1163 922 quam

86 944 205 996 ceterae
220 943 300 996 artes
314 955 437 1017 quarum
450 935 481 998 iu
496 954 637 1020 processu
651 935 797 999 subtilitas
811 936 916 999 creuit.
963 933 1023 1000 Sed
1037 958 1074 1001 ne
1089 960 1163 1022 opus

85 1033 203 1116 quidem
227 1034 321 1097 adbuc
345 1047 411 1099 erat
433 1036 571 1100 remediis
599 1036 797 1120 diligentibus.
842 1035 982 1100 Nondum
1000 1037 1031 1100 iu
1050 1047 1163 1101 tanum

86 1133 215 1216 nequitia
238 1147 414 1205 surrexerat
438 1158 493 1200 nec
513 1147 571 1200 tam
596 1137 655 1200 late
672 1157 706 1200 se
722 1148 891 1222 sparseratr
925 1147 1061 1221 poterant
1083 1138 1177 1202 uitiis.

85 1232 264 1318 simplicibus
280 1237 399 1301 obstare
415 1239 547 1302 remedia
570 1237 724 1323 simplicia.
768 1236 858 1301 Nune
873 1258 997 1302 necesse
1015 1225 1062 1301 est
1079 1248 1161 1303 tanto

85 1335 256 1418 operosiora
272 1358 340 1401 esse
354 1339 534 1402 munimenta
550 1349 658 1423 quanto
675 1339 895 1402 uehementiora
908 1350 978 1403 sunt
990 1337 1096 1423 quibus
1111 1359 1162 1426 pe-

84 1434 184 1500 timur.
227 1435 377 1520 Medicina
391 1441 535 1523 quondam
550 1460 708 1524 paucarum
721 1440 777 1503 tuit
790 1439 915 1503 seientia
927 1439 1084 1503 berbarum
1096 1440 1161 1524 qui·
1174 1458 1199 1502 ts
1308 1474 1316 1484 ·

83 1535 140 1600 bus
155 1538 312 1601 sisteretur
328 1541 421 1604 llueus
438 1541 579 1624 sanguis,
603 1540 726 1604 uolnera
742 1540 874 1604 coirent:
899 1540 1037 1624 paulatim
1056 1540 1163 1606 deinde

83 1636 202 1701 inbono
224 1639 360 1724 peruenit
381 1651 439 1704 tam
458 1641 646 1726 multiplicem
670 1641 856 1705 uarietatem.
899 1639 968 1705 Nec
985 1651 1033 1705 est
1055 1641 1162 1706 mirum

83 1747 152 1801 tunc
169 1739 247 1803 illom
267 1741 365 1804 minus
379 1743 490 1824 negotii
514 1742 650 1805 babuisse
665 1742 756 1805 firmis
771 1743 865 1806 adbuc
882 1742 1041 1826 solidisque
1057 1763 1162 1828 corpo-

83 1838 164 1901 ribus
182 1849 213 1902 et
229 1840 307 1904 lucili
325 1840 391 1904 cibo
407 1863 462 1904 nee
480 1862 534 1926 per
550 1852 643 1904 artem
666 1843 901 1926 uoluptatemque
919 1853 1076 1926 corruptor
1111 1843 1161 1925 qui

83 1948 235 2023 postquam
260 1941 358 2024 coepit
380 1963 439 2004 non
454 1943 490 2005 ad
512 1941 688 2019 tollendam,
722 1943 775 2005 sed
796 1943 832 2004 ad
853 1942 1029 2004 inritandam
1053 1943 1160 2006 famem

83 2041 186 2123 quaeri
199 2050 231 2104 et
243 2041 382 2104 inuentae
404 2052 473 2104 suut
491 2042 569 2104 mille
585 2040 757 2105 conditurae
773 2042 878 2125 quibus
899 2042 1024 2105 auiditas
1045 2042 1159 2105 excita·
1174 2059 1198 2103 ts

83 2151 185 2220 retur,
219 2162 293 2224 quae
318 2142 553 2205 desiderantibus
574 2140 714 2205 alimenta
735 2152 820 2205 erant
843 2162 935 2205 onera
957 2150 1027 2205 sunt
1051 2142 1157 2226 plenis.

82 2239 155 2304 Inde
173 2243 310 2326 polloret
324 2263 482 2307 neruorum
504 2243 574 2306 uino
591 2242 769 2306 madentium
791 2253 902 2307 memor
919 2251 949 2306 et
966 2242 1161 2307 miserabilior

83 2362 123 2405 ex
139 2343 330 2408 cruditatibus
359 2365 444 2428 qoam
460 2364 500 2408 ex
516 2346 593 2408 lame
608 2344 736 2408 >macies
779 2344 848 2408 inde
869 2343 976 2408 incerti
999 2342 1160 2409 labantium

81 2445 171 2529 pedes
188 2455 219 2507 et
232 2465 349 2528 semper
359 2447 453 2529 qualis
466 2446 497 2509 in
511 2446 574 2531 ipsa
588 2445 730 2509 ebrietate
747 2445 893 2509 titubatio.
936 2445 1006 2509 inde
1020 2445 1050 2508 in
1068 2455 1160 2511 totam

81 2557 178 2609 cutem
196 2547 301 2610 bumor
317 2548 463 2612 admissus
476 2548 677 2631 distentusque
697 2557 813 2625 uenter,
836 2548 904 2611 dum
919 2547 995 2610 male
1011 2547 1160 2611 adsuescit

81 2647 145 2729 plus
161 2668 268 2732 capere
285 2670 370 2732 quam
386 2659 513 2733 poterat.
556 2649 624 2712 inde
638 2648 771 2712 soblusio
782 2648 895 2712 luridae
912 2646 979 2711 bilis
995 2658 1026 2710 ct
1040 2649 1161 2712 decolor

83 2748 179 2809 uoltus
208 2749 348 2831 tabesque
363 2751 394 2810 in
415 2768 448 2811 se
464 2748 692 2830 putrescentium
712 2760 742 2810 et
760 2748 898 2811 retorridi
925 2746 1007 2830 digiti
1029 2748 1159 2810 articulis

84 2846 336 2930 obrigescentibus
365 2867 581 2930 nemorumque
605 2843 679 2909 sine'
693 2866 784 2909 sensu
808 2846 965 2909 iacentium
990 2855 1090 2928 torpor
1110 2855 1160 2908 aut

83 2947 230 3032 palpitatio
255 2948 439 3031 [corporum]
465 2947 529 3010 sine
546 2946 764 3010 intermissione
782 2945 969 3008 uibrantium.
1014 2943 1093 3025 Quid
1109 2966 1159 3008 ea·
1173 2970 1196 3010 ir

83 3048 150 3133 pitis
175 3048 336 3133 uertigines
361 3048 478 3110 dcam?
510 3046 577 3130 quid
605 3047 756 3110 oculorum
778 3045 949 3128 auriumque
970 3055 1116 3108 tormenta
1131 3056 1161 3109 et

83 3150 198 3214 cerebri
221 3149 382 3214 aestuantis
398 3148 628 3212 uerminationes
644 3158 675 3212 et
690 3147 787 3210 omnia
803 3166 857 3231 per
868 3167 943 3230 quae
960 3166 1161 3211 exoneramur

116 3269 176 3328 tt÷
187 3268 238 3320 ille
254 3268 358 3320 clara
375 3282 401 3320 et
416 3279 519 3339 operta·
671 3263 712 3318 16.
730 3266 752 3317 ll
765 3273 791 3326 -l-
806 3265 875 3316 Inde
892 3277 925 3317 et
939 3266 1038 3337 pallor.
1075 3265 1119 3316 Gtt
1129 3282 1159 3334 pp

117 3335 157 3388 14.
175 3337 273 3388 lt—ut
291 3338 393 3388 dicitis.
648 3352 701 3385 exc.
739 3336 778 3401 ω)
789 3335 838 3389 ltili
851 3361 883 3372 -
898 3337 924 3390 tt
940 3332 1157 3385 :labentium

115 3416 185 3456 tum
203 3406 425 3456 uroxime=mes2
477 3405 601 3460 tet-3
665 3353 822 3455 =diridue
840 3401 911 3455 bilis.
947 3403 1017 3454 G==
1034 3400 1159 3454 uiride

83 3489 196 3520 =cum
214 3475 336 3524 rnnxime.
637 3471 708 3526 bilia.
745 3488 765 3524 π
784 3477 810 3530 -l-
829 3474 1037 3541 putrescentium
1068 3470 1159 3520 dert-

135 3552 216 3589 uursto
233 3541 497 3592 uehementiora:
507 3543 547 3590 stt
555 3542 604 3620 αβε
637 3542 691 3593 tiu
701 3558 734 3590 m.
769 3541 1063 3594 humbert-entium.

104 3557 202 3672 liltqtb
211 3605 303 3658 th'd.
313 3605 357 3657 Ρὸ.
368 3609 452 3674 (s.rn.).
501 3606 602 3658 GPIdt.
671 3607 829 3659 retorridi
843 3629 878 3651 =
890 3608 943 3655 ttsa
961 3607 998 3658 Θ.
1052 3603 1097 3650 GR
1109 3601 1159 3653 ἵθῖ

103 3673 215 3738 p.m.)⁴l.
233 3675 361 3728 ἵξῃ-Θ
376 3697 411 3719 =
429 3687 527 3742 quanto
546 3692 604 3724 oo·
636 3702 672 3714 -
685 3676 734 3728 tila
748 3696 783 3717 =
798 3673 928 3723 retorti.
972 3673 996 3719 G
1015 3675 1040 3727 ψ
1060 3683 1159 3716 nervo·

84 3741 230 3791 lenitura.
266 3741 417 3809 o=quibus
432 3740 602 3808 premimur.
638 3759 769 3810 reumque.

108 3806 244 3876 :quibus
261 3807 431 3876 impetimur.
467 3825 528 3858 υτ
543 3807 604 3875 qui·
666 3807 815 3888 palpitatio
844 3819 1035 3875 corporum
1050 3823 1084 3844 =
1100 3817 1158 3850 mss.

83 3825 315 3943 botperimue.
349 3871 605 3944 {tt-tffiqm'but
638 3885 715 3926 ettam
729 3867 1159 3934 aestuabamus-ete-

82 3945 226 4015 putimur.
639 3941 696 4010 [cor
714 3939 798 4006 orum]
816 3936 884 4006 quod
902 3936 1011 3986 imitatus
1025 3935 1098 3999 eoru).
1124 3935 1160 3989 tlt

119 4007 159 4061 15.
179 4009 269 4078 (ἥσω)
280 4027 445 4076 ump=rrec
455 4027 505 4078 per
520 4020 606 4058 artem
638 3959 730 4066 -ῆζι
745 4035 778 4046 ·-
794 4022 939 4075 corporum.
975 4006 1022 4052 ὃν.
1040 4000 1101 4053 dicit
1116 4018 1159 4051 re·

83 3623 102 3740 l

83 4078 226 4146 voluptate
242 4090 373 4194 corrupto.
408 4079 481 4129 tt=
494 4092 542 4127 nee
554 4093 605 4145 per
640 4074 702 4128 etius
727 4091 755 4125 se
779 4073 845 4123 bane
874 4088 961 4122 rocem
990 4070 1160 4136 ablegatumm

84 4160 170 4197 artem
201 4163 261 4196 nec
285 4157 445 4212 uouptutem
472 4156 605 4214 corrupto.
639 4141 729 4194 fuisse:
756 4157 814 4191 nam
831 4157 861 4190 ex
875 4137 1082 4209 praecedentibus
1096 4153 1159 4204 sup-

85 4214 183 4281 Glsau)
200 4229 278 4264 uonn-
295 4229 324 4280 pp
340 4211 384 4266 Pl.
393 4211 419 4264 ³.
429 4210 454 4263 4.
469 4236 504 4257 =
521 4211 605 4284 quod
637 4209 701 4279 pleri
717 4226 865 4260 nervorum.
1069 4272 1074 4283 ¹

82 4295 222 4353 postquam
238 4281 332 4350 coepit.
357 4279 507 4350 Pt-qui.
542 4281 604 4349 lt·-
674 4273 714 4329 17.
734 4272 924 4346 G=eerebro
936 4283 1096 4352 amere.
1112 4269 1158 4322 Pl.

86 4362 111 4399 et
129 4359 186 4400 ante
203 4349 337 4400 iuventae.
634 4342 699 4408 ,3.4.
718 4343 856 4402 θοιῦε
871 4352 1078 4396 eructuantes.
1111 4336 1157 4388 1¹¹2.
