2678 4770
195 342 259 409 500
531 337 564 401 L.
589 337 738 401 ANNAEl
760 338 933 402 SENECAE

161 532 185 574 u
198 506 397 598 philosophiae
409 505 537 570 iaciunt:
556 526 628 590 orgo
640 506 699 571 tale
710 507 906 592 praecipiendi
918 528 1012 592 genus
1023 508 1063 572 nil
1075 509 1147 594 ugit.
1185 508 1285 575 Prae-

199 624 281 677 teres
295 610 320 674 si
336 619 494 695 praecepto
515 608 639 692 singulis
659 610 780 687 damus,
810 609 1096 693 inconprehensibile
1120 633 1196 696 opus
1220 624 1280 676 est.

198 713 266 778 Alia
279 711 357 775 euim
374 710 445 775 dare
461 709 600 773 debemus
614 709 772 788 feneranti,
789 710 846 773 alia
860 711 967 774 uolenti
983 733 1097 795 agrum,
1114 714 1171 775 aha
1187 735 1284 797 nego-

199 814 303 892 tianti,
325 812 381 875 alia
398 831 501 896 regum
523 810 665 874 amicitias
682 811 837 894 sequenti,
868 812 925 875 alia
946 833 1051 896 pares,
1074 814 1133 876 alia
1155 814 1282 878 interio-

197 937 247 982 res
274 925 419 978 ameturo.
464 909 501 975 In
526 911 713 975 matrimonio
740 912 903 997 praecipias
932 915 1076 995 quomodo
1103 915 1188 977 uiuat
1211 936 1279 978 eun

197 1037 294 1082 uxore
309 1015 413 1099 aliquis
427 1035 512 1099 quam
533 1013 676 1098 uirginem
695 1014 801 1093 duxit,
835 1016 979 1097 quomodo
993 1036 1058 1077 onor
1077 1036 1112 1079 ea
1126 1037 1205 1099 quae
1225 1016 1281 1078 ali·

199 1119 282 1183 euius
296 1127 365 1181 ante
383 1115 599 1179 matrimonium
623 1125 747 1198 experta
761 1125 826 1195 est,
857 1116 1098 1198 quemadmodum
1113 1138 1181 1181 oum
1196 1119 1281 1180 loon·

161 1221 294 1308 replete,
318 1217 558 1302 quemadmodum
575 1237 640 1279 oum
657 1214 798 1279 indotata.
843 1214 893 1278 Au
907 1238 964 1278 uon
983 1228 1066 1300 putas
1085 1218 1194 1301 aliquid
1210 1239 1281 1283 esse

198 1320 374 1386 discriminis
397 1319 475 1380 inter
500 1318 629 1381 sterilem
653 1327 682 1380 et
704 1318 876 1397 fecundam,
909 1318 988 1381 iuter
1008 1319 1226 1403 proueetiorem
1248 1331 1281 1383 et

198 1422 340 1509 puellam,
364 1419 442 1481 inter
457 1429 580 1481 matrem
595 1427 626 1480 ot
644 1422 826 1481 nouercam?
870 1418 984 1482 Omnes
1001 1420 1116 1503 speeies
1132 1422 1280 1507 eonpleoti

199 1544 258 1587 non
280 1540 453 1607 possumus:
485 1517 566 1602 atqui
586 1517 720 1602 singulae
742 1520 859 1604 propria
880 1521 1014 1603 exigunt.
1059 1519 1160 1606 Leges
1180 1533 1280 1586 auten

163 1637 188 1681 re
199 1621 399 1707 philosophiae
423 1619 530 1682 breues
550 1629 620 1682 sunt
636 1629 666 1681 et
680 1620 778 1682 omuia
803 1620 943 1705 adligant.
987 1621 1083 1686 Adice
1098 1645 1176 1687 nune
1199 1625 1281 1706 quod

198 1724 360 1809 sapientiae
376 1730 533 1807 praecepta
546 1720 626 1783 hnita
642 1720 749 1784 debent
763 1741 832 1786 esse
848 1732 878 1785 et
892 1734 990 1787 serta:
1014 1725 1040 1787 si
1053 1745 1109 1808 qua
1123 1725 1199 1787 liniri
1214 1746 1280 1788 non

197 1837 337 1916 possunt,
373 1835 460 1889 extra
475 1821 647 1907 sapientiam
665 1834 745 1886 suut.
790 1824 933 1908 sapientie
947 1846 1047 1891 rerum
1062 1826 1205 1890 terminos
1222 1848 1280 1890 uo-

197 1931 250 1994 uit.
295 1929 378 2016 Ergo
399 1927 457 1994 ista
480 1925 666 2015 pmeceptiua
694 1946 763 2010 pars
786 1926 986 1990 submoueuda
1010 1939 1074 2007 est,
1108 1929 1175 2012 quia
1199 1930 1279 2013 quod

196 2033 296 2119 paneis
312 2032 455 2119 promittit
474 2040 625 2115 praestare
641 2028 776 2093 omnibus
789 2049 849 2091 non
866 2038 981 2113 potest,
1018 2029 1161 2116 sapientia
1176 2041 1279 2094 notens

160 2147 184 2191 tt
198 2155 301 2198 omnes
326 2145 417 2199 tenet.
460 2131 545 2197 luter
567 2134 710 2198 insaniam
733 2131 876 2222 publicam
899 2140 930 2195 et
952 2131 1026 2194 bauo
1056 2152 1131 2215 quae
1154 2133 1279 2196 medicis

195 2236 321 2299 tunditur
337 2235 407 2297 nihil
429 2234 574 2314 interest,
604 2235 660 2298 nisi
680 2236 755 2322 quod
770 2236 843 2301 baeu
860 2234 963 2300 morbo
983 2232 1114 2313 loborat,
1148 2232 1199 2297 itta
1214 2235 1279 2318 opi·

196 2334 334 2397 uiouibus
348 2335 441 2398 lalsis.
476 2332 581 2399 Altera
592 2356 698 2400 causas
710 2338 818 2401 luroris
830 2339 921 2402 traxit
934 2360 974 2403 ex
988 2337 1160 2417 ualitudine,
1180 2336 1277 2406 altem

195 2435 285 2497 animi
301 2436 377 2499 mala
390 2436 518 2498 ualitudo
537 2446 593 2499 est.
639 2435 674 2500 si
690 2438 755 2521 quis
769 2440 882 2504 furioso
896 2453 1051 2527 praecepta
1064 2443 1114 2507 det
1127 2445 1276 2528 quomodo

195 2536 274 2619 loqui
294 2537 414 2614 debeat,
450 2537 595 2619 quomodo
616 2540 798 2622 procedere,
831 2545 975 2627 quomodo
994 2546 1024 2609 in
1038 2545 1153 2631 publico
1170 2567 1205 2612 se
1221 2568 1275 2631 ge·

194 2657 280 2715 rere,
315 2638 460 2721 quomodo
482 2638 512 2700 in
534 2638 666 2722 priuato:
698 2642 756 2704 erit
776 2642 839 2724 ipso
862 2665 947 2730 quem
971 2646 1100 2709 monebit
1126 2647 1273 2713 insanior.

193 2737 260 2804 bilis
278 2739 361 2823 nigra
384 2739 511 2804 curanda
526 2751 572 2803 est
589 2750 620 2806 et
635 2741 699 2824 ipsa
714 2744 822 2807 luroris
846 2767 937 2811 causa
952 2749 1144 2812 remouenda.
1190 2747 1275 2815 Idem

194 2840 224 2905 iu
242 2840 298 2905 boe
315 2842 372 2904 ulio
387 2841 475 2904 tuimi
491 2843 592 2906 lurore
607 2843 769 2907 laciendum
786 2856 849 2909 esta
873 2847 936 2931 ipse
951 2849 1056 2914 discuti
1071 2850 1174 2915 debet:
1199 2853 1274 2915 abts-

157 2943 264 3027 tsquiu
287 2943 408 3009 abibunt
427 2943 459 3009 iu
483 2966 589 3008 uanum
613 2946 792 3009 mouentium
818 2948 920 3012 uerba.
965 2949 1048 3013 llaec
1069 2951 1106 3014 ab
1127 2951 1274 3018 Aristone

195 3044 342 3108 dicuutur.
389 3041 445 3108 Cui
475 3046 716 3130 respondebimus
738 3048 773 3110 ad
795 3049 921 3134 singula.
966 3049 1097 3118 Primum
1127 3056 1273 3120 aduersus

195 3143 265 3206 illud
281 3146 358 3226 quod
373 3145 431 3225 ait,
456 3149 485 3210 si
500 3147 578 3231 quid
591 3146 696 3213 obstan
713 3150 807 3213 omnio
823 3158 855 3214 et
870 3153 997 3237 inpedit
1009 3157 1109 3218 uisum
1117 3203 1129 3234 ,
1151 3156 1273 3222 debore

228 3310 282 3360 nit
298 3314 515 3380 agit=ttuttpp
527 3316 587 3370 Ἰῦ.
638 3318 665 3371 di
681 3347 714 3356 -
748 3321 867 3372 medicis.
903 3323 927 3371 G
942 3350 976 3361 -
992 3341 1022 3375 ee
1041 3342 1136 3403 gerere
1154 3333 1212 3390 post
1234 3324 1268 3373 a'n

193 3377 241 3429 Ello
252 3400 286 3420 =
295 3397 311 3426 u
320 3383 331 3428 i
339 3380 393 3429 hit
408 3383 476 3448 agie.
744 3387 858 3457 publico.
881 3407 902 3442 π
912 3398 938 3449 4
950 3394 1011 3442 red
1022 3390 1086 3443 dalis
1098 3393 1129 3440 mi
1147 3408 1187 3439 ra.
1218 3390 1268 3442 GE

230 3443 268 3494 11.
288 3445 547 3510 Glsml=colendi
561 3466 665 3518 agrum.
685 3453 712 3506 ὅ
746 3455 838 3521 relies>
853 3456 896 3506 P‘l.
908 3458 962 3508 Col.
974 3458 1099 3527 Palem.)
1163 3462 1265 3519 -ffl-

191 3516 405 3583 :praecipiem
446 3518 713 3574 Eh-th—ame
746 3523 780 3572 ai
796 3523 860 3575 belis
873 3528 964 3596 migra.
998 3525 1120 3580 l’l.dl=
1134 3526 1269 3578 sibilia

191 3591 250 3631 aute
265 3585 470 3636 matrimonium.
500 3585 712 3656 bl=compess
745 3591 836 3661 nigra.
871 3595 962 3647 11111-
976 3597 1002 3650 ῢ
1016 3602 1041 3653 ÷
1054 3596 1207 3646 scilicet
1225 3596 1270 3647 δι’·

190 3663 220 3701 ta
236 3662 283 3702 est.
322 3649 465 3703 tte-esa.
745 3657 782 3710 Iis
795 3662 886 3729 nigro.
914 3679 945 3711 ex
959 3662 990 3711 ci.
1007 3663 1081 3712 Grut.
1107 3660 1267 3717 11111111-

224 3719 469 3790 li=locup1etem
485 3719 524 3787 [m
538 3719 599 3787 det]
620 3741 645 3770 ω
665 3723 710 3773 iu·
744 3729 770 3781 δ
782 3732 804 3784 1,
822 3747 860 3777 ω.
894 3727 959 3778 Illud
982 3731 1007 3779 ai
1029 3741 1091 3797 puta
1109 3748 1140 3780 ex
1156 3733 1204 3782 aad
1221 3748 1267 3781 or-

189 3787 329 3838 dotutum.
744 3802 805 3853 tunt,
819 3795 887 3862 quod
905 3795 1061 3847 librariorum
1076 3816 1107 3848 ex
1119 3816 1191 3850 more
1206 3799 1266 3849 olim

225 3853 265 3904 15.
284 3856 432 3906 Pil—uon
447 3855 565 3906 interAn
580 3867 606 3907 et
617 3872 708 3928 putus.
743 3860 866 3912 adiectum
882 3863 938 3912 fnit.
973 3864 1038 3912 ll-
1052 3867 1181 3916 nlioante
1202 3869 1266 3917 umi-

189 3919 259 3985 θυι.)
273 3926 385 3992 -mepui
399 3924 467 3973 itte
483 3927 616 3994 singulae.
640 3926 709 3979 II=
743 3932 780 3978 nti
792 3930 898 3998 sistere.
934 3932 1002 3978 B=
1015 3934 1132 4003 alioqui
1148 3934 1265 3988 abidum.

187 3988 274 4056 Leges
293 3993 352 4040 hui
360 4010 399 4042 us
412 3993 608 4061 pht'losuprlu'ue.
745 3998 810 4045 Gr:
820 4000 849 4047 im
866 4016 963 4047 vonum
981 4015 1186 4053 momentum
1203 4021 1265 4054 uer-

222 4066 261 4119 16.
280 4075 448 4143 supientiae
459 4081 708 4146 praecepta=lbpp
743 4064 785 4117 ⁶⁰·
822 4065 884 4144 eqd·
902 4068 980 4115 ⁰¹⁰⁰·
996 4090 1030 4111 “-·“
1046 4070 1074 4119 ’11
1092 4088 1192 4120 ΜΝ
1214 4071 1265 4121 1⁰·

187 4135 305 4207 (010,pr
317 4143 376 4198 χρ,
430 4144 548 4201 ρῃχφξῃ
564 4173 595 4183 -
610 4147 658 4199 m
672 4169 707 4190 Ξ
741 4149 902 4213 poenorum
917 4135 1007 4213 erardus.
1032 4136 1164 4204 probasset
1174 4140 1266 4203 Gron„

185 4206 278 4267 sapie„
286 4220 297 4255 ι
306 4211 318 4256 ,-
326 4226 348 4257 3,
739 4216 760 4248 at
775 4200 859 4267 plnres
874 4201 930 4251 lrbrr
948 4202 1014 4253 idem
1030 4204 1187 4256 exhiberent.

219 4266 258 4318 17.
277 4273 309 4321 all
326 4278 461 4342 racepput
477 4304 513 4317 -
527 4281 552 4333 Β
564 4288 589 4338 «t-
601 4297 670 4349 quoe
686 4299 704 4334 u
774 4281 813 4335 ts
840 4285 911 4336 lt=
925 4289 1046 4340 Primum
1077 4291 1213 4342 adversus
1236 4293 1265 4342 a·-
