2678 4770
186 350 254 410 XlV
616 348 835 412 PRAEFATIO.

269 512 332 578 lem
349 514 533 580 describendi
550 517 660 598 ennt*)
674 515 760 597 libri,
784 517 890 603 quitus
908 542 979 586 nens
993 544 1058 587 enin
1075 525 1105 589 in
1122 523 1264 611 Epistulis

183 629 359 698 Montibus.

383 853 425 916 Α.
469 849 684 919 CODICES
706 853 1066 927 MANUSCRlPTl.

472 1002 498 1066 l.
543 1003 592 1069 Ab
614 1006 817 1090 superioribas
839 1012 982 1095 usurpati.

250 1132 280 1185 l.
313 1120 440 1186 Codices
463 1121 595 1186 litaturi.
642 1129 684 1194 (L.
707 1133 817 1183 Annaei
837 1134 954 1186 Senecae
978 1141 1065 1207 Opera
1081 1160 1180 1211 —per
1197 1147 1262 1194 Dee.

184 1226 326 1274 flea-emunt
342 1227 406 1274 Ilot.
424 1249 458 1262 -
475 1220 691 1275 Basileae1529.
709 1220 744 1270 ib.
756 1216 832 1271 1537.
849 1218 884 1269 tir.
897 1237 918 1270 e.
930 1239 953 1271 a.
988 1226 1118 1294 Lugduni
1136 1224 1208 1278 1555.
1218 1231 1261 1288 nl.)

251 1306 292 1357 Ad
307 1306 413 1374 primam
421 1310 530 1358 Senecae
541 1305 677 1358 editionem
695 1305 793 1372 (Baeil.
803 1301 888 1370 1515.)
898 1305 1077 1359 Eraemrredno
1092 1309 1169 1360 libroe
1184 1323 1263 1363 metoe

186 1390 314 1453 adhibuit,
340 1391 446 1441 alterurn
469 1390 586 1441 Gulielmi
601 1388 789 1457 Archiepieeopi
807 1388 1005 1453 Gantnuieneie,
1032 1392 1136 1442 alterurn
1159 1395 1262 1463 collegii

185 1473 412 1540 Cantabrigienaie:
438 1475 487 1525 aed
501 1472 714 1544 matilisnerrint
730 1484 809 1545 atque
825 1472 947 1542 vulgatis
964 1477 1046 1527 eciam
1068 1479 1263 1548 exemplaribus

184 1558 376 1609 mendaciores.
410 1557 456 1608 liin
471 1556 550 1609 editio
573 1559 599 1608 in
617 1556 766 1625 margimlrne
787 1566 885 1606 tantum
900 1557 977 1608 habet
992 1560 1087 1628 aliquot
1104 1562 1183 1613 variae
1197 1566 1262 1615 ecri-

184 1653 271 1711 pturne
288 1641 358 1693 librie
383 1659 434 1693 oon
449 1640 600 1708 significatis.
636 1644 664 1692 ln
680 1639 838 1709 praefatione
855 1641 979 1692 necandae
996 1642 1112 1695 editionis
1134 1647 1220 1697 em'bit
1234 1667 1262 1700 ee

184 1742 254 1776 trenm
271 1743 326 1777 eeee
341 1727 498 1797 optimorum
515 1726 592 1779 codd.
607 1726 749 1796 praesidia
764 1726 910 1794 interque:
924 1725 1027 1795 aliquae
1041 1730 1126 1780 mirae
1139 1743 1261 1783 vetusta-

183 1811 238 1862 eie:
262 1821 338 1878 atque
354 1810 380 1861 io
396 1809 535 1878 appendice
549 1809 739 1861 annotationum
755 1807 841 1858 adiicit
863 1809 990 1877 exemplar
1005 1828 1020 1862 e
1036 1811 1169 1865 Brabentia
1185 1814 1261 1867 adae

182 1893 286 1945 allatuin
303 1911 373 1957 eene,
400 1911 456 1945 curn
472 1895 633 1962 epietolarnm
657 1910 721 1960 opue
736 1892 790 1943 iarn
801 1891 884 1960 aliqu
899 1911 930 1943 ex
955 1905 1027 1963 perte
1044 1888 1115 1947 ‘eeeet
1135 1915 1260 1950 exenium.

183 1996 214 2030 ex
230 1997 261 2030 eo
278 1997 305 2029 ee
321 1977 474 2041 restituione,
501 1978 521 2028 ei
538 1995 586 2047 qna
609 1977 678 2046 pn'ne
701 1976 860 2029 fefellieeent.
894 1979 985 2031 Rarior
1000 1991 1084 2032 tamen
1104 1991 1143 2032 eet
1164 1993 1216 2033 tam
1234 1984 1262 2035 in

182 2062 283 2114 echoliia
300 2081 375 2132 qnam
389 2063 415 2114 in
430 2063 568 2131 appendice
584 2073 705 2113 metornnn
720 2062 829 2113 mentio:
857 2080 937 2132 neque
953 2064 1027 2116 aliter
1041 2083 1085 2117 eoe
1108 2066 1194 2118 laudat
1215 2068 1261 2120 niei

181 2147 240 2198 end.
254 2160 385 2214 nemetae,
401 2148 460 2198 cad.
476 2149 683 2209 vetustissimae,
701 2147 837 2214 exemplar
845 2145 969 2214 feliciae,
987 2150 1170 2218 codqaidarn,
1188 2153 1262 2204 aliae

180 2233 264 2282 codex
280 2240 329 2280 eto.
344 2239 445 2297 praeter
459 2247 534 2278 nnnm
550 2229 648 2288 locnnr,
668 2229 709 2278 nbi
724 2228 785 2278 citat
802 2229 938 2297 exemplar
955 2233 1159 2298 Britannicum,
1184 2245 1211 2282 ut
1227 2235 1260 2285 de

180 2314 279 2364 illorum
297 2312 411 2362 codietrnr
427 2311 559 2361 virtutibue
575 2322 618 2360 ant
635 2311 702 2359 vitiie
719 2309 837 2358 iudicium
854 2310 920 2360 ferre
937 2329 989 2361 non
1006 2312 1088 2363 lioeat.

245 2405 278 2458 2.
308 2391 436 2459 Codices
451 2392 598 2457 Pinciani.
644 2400 795 2468 (Fernandi
804 2401 1184 2471 Pinciani-Gaeiigailanee
1202 2406 1259 2456 nii.

180 2495 303 2548 lissimae
322 2496 445 2547 Veneeiie
459 2491 533 2545 1536.
568 2498 655 2562 Opera
672 2495 702 2543 L.
722 2492 830 2541 Annaei
846 2493 963 2542 Senecae
982 2519 1012 2532 -
1026 2510 1078 2562 per
1092 2496 1156 2544 Dee.
1167 2499 1255 2546 Erae-

182 2597 252 2631 ninm
265 2583 329 2630 Rae.
345 2605 381 2619 -
397 2578 486 2629 Baeil.
500 2596 521 2628 e.
536 2595 559 2628 a.
578 2586 605 2626 et
621 2584 676 2644 typ.
696 2592 723 2625 n.
757 2578 789 2626 Ii.
806 2578 914 2626 Annaei
929 2577 1046 2626 Senecae
1059 2577 1134 2628 Pltil.
1152 2579 1259 2650 Scripta

183 2692 216 2702 -
232 2665 326 2716 Paria.
346 2659 420 2713 15⁹8.
437 2662 471 2711 ib.
487 2657 571 2726 ΜΔ)

248 2749 277 2796 ln
294 2746 451 2814 praefatione
472 2745 504 2795 ad
521 2746 640 2797 loannem
658 2745 781 2795 Tarenrn
798 2742 1017 2810 Archiepiecopnm
1033 2744 1183 2796 Toletonnm
1198 2749 1259 2799 Pin-

181 2829 264 2881 cianus
281 2829 317 2880 nit
333 2847 360 2880 ee
376 2847 446 2880 neunt
460 2846 514 2879 eeee
529 2827 670 2896 quindecim
686 2826 754 2877 hlnie
771 2827 841 2877 matie
856 2837 882 2876 et
899 2827 1008 2893 plnribne
1025 2846 1120 2880 enmrnn
1136 2831 1257 2884 industria

180 2923 208 2965 et
221 2913 308 2966 labore
321 2913 381 2965 hinc
396 2914 456 2964 inde
470 2911 622 2979 conquieitie,
640 2911 665 2962 in
681 2910 741 2979 ipeir
758 2920 841 2960 autern
856 2910 1064 2976 Cnetigationibne
1081 2914 1181 2966 nomina
1196 2917 1258 2968 haee

179 3009 278 3050 tanturn
295 2998 405 3066 profert:
430 2999 456 3065 a)
475 2997 612 3067 exemplar
623 2986 835 3047 Francieeaiium
853 2995 921 3061 (cod.
938 2997 1057 3049 coenobii
1071 3000 1097 3050 d.
1114 3002 1258 3054 Franciici

179 3083 364 3149 doleamne),
394 3082 462 3150 qnod
476 3082 530 3149 ipee
545 3080 673 3149 praedicat
689 3079 904 3147 antiquie-rimam
919 3094 946 3132 et
961 3083 1207 3135 emendatissimum
1224 3105 1257 3136 nc

176 3167 260 3236 plane
270 3168 441 3218 venerandae
449 3166 531 3232 fidei.
551 3166 600 3216 liic
610 3164 730 3215 librorum
737 3161 847 3215 Pincinni
860 3164 933 3214 lncile
947 3175 986 3214 eet
995 3166 1112 3232 optinens.
1131 3167 1158 3233 b)
1167 3187 1255 3218 exem-

175 3252 240 3320 plar
254 3251 379 3302 Facundi
392 3250 567 3301 eePrime'n'vs·
580 3251 630 3315 (ex.
646 3249 676 3298 di
679 3266 768 3297 voram
781 3250 845 3298 Fac.
855 3261 881 3296 ei
889 3249 998 3298 Primii.
1008 3250 1255 3318 correctissimum).-

177 3334 259 3385 bonoe
274 3334 340 3385 liber
355 3333 454 3384 videtur
469 3333 562 3394 fnieee,
580 3330 625 3381 eed
639 3330 751 3380 deterior
764 3330 816 3379 illo.
852 3329 876 3395 c)
895 3331 1031 3400 exemplar
1048 3332 1129 3383 divae
1144 3336 1256 3387 Mariae

177 3419 229 3484 lex.
245 3418 327 3469 divae
342 3418 451 3468 Mariae
464 3416 609 3476 Salmone„
633 3432 675 3464 ex.
690 3411 864 3463 bibliothecae
879 3414 906 3463 d.
922 3416 1033 3465 Matien-
1044 3417 1152 3484 Salm.):
1176 3420 1254 3470 retine

176 3501 300 3563 landatur,
318 3518 391 3568 qnam
408 3511 436 3551 nt
452 3500 533 3568 poenit
548 3496 684 3549 diiudicari.
718 3495 745 3561 d)
764 3496 901 3566 exemplar
909 3499 1069 3550 Pinciannin
1086 3503 1188 3567 (nornen
1206 3504 1254 3554 ha-

177 3586 221 3637 bet
238 3604 253 3635 a
270 3585 386 3646 Pincia,
413 3601 476 3651 quae
498 3582 574 3633 hodie
589 3581 681 3631 dicitur
699 3580 874 3631 Valladalid:
900 3581 959 3631 alibi
978 3582 1120 3649 appellatur
1135 3604 1177 3636 ex.
1195 3589 1254 3639 divi

177 3669 261 3721 Pauli
276 3668 409 3718 Pina-iani
430 3667 470 3716 vel
493 3668 521 3718 d.
541 3665 649 3730 Paniai:
676 3663 811 3714 admodum
832 3682 889 3715 raro
912 3665 1034 3715 laudntnr.
1070 3667 1095 3733 e)
1115 3671 1252 3740 exemplar

169 3750 376 3822 faeniliareeive
386 3751 556 3802 domesticum
564 3748 722 3814 (Gallicana
737 3767 816 3797 ninnri
826 3750 962 3817 scriptum,
981 3751 1151 3803 Gallicanum
1160 3773 1253 3818 nereum,

176 3837 322 3887 Gallicana
340 3836 434 3887 lietera
448 3835 593 3903 scriptum,
614 3851 654 3881 ex.
669 3832 829 3882 Gallicanae
844 3833 970 3895 litterae,
988 3852 1038 3902 quo
1051 3847 1111 3884 utor
1119 3836 1251 3904 siiiiiilin-

176 3921 271 3986 eimi-
295 3920 337 3969 liic
352 3919 432 3970 codex
448 3928 473 3968 et
488 3916 630 3986 proximos,
649 3915 690 3982 qni
706 3915 803 3981 saepius
821 3917 909 3965 ceteris
925 3917 1047 3979 citantur,
1072 3921 1181 3972 melioris
1202 3941 1250 3972 no-

174 4014 216 4054 tae
232 4021 283 4054 non
300 4011 365 4052 eunt.
399 4003 422 4068 f)
440 4001 576 4073 exemplar
590 3999 778 4050 aetolanicum
797 4001 847 4066 (en.
865 4000 1025 4063 aclioliirum,
1044 4005 1250 4056 entelechiam

245 4169 268 4234 ⁴)
288 4170 326 4218 De
342 4167 411 4218 librie
428 4177 480 4217 tarn
496 4169 620 4237 imprreeia
636 4183 711 4237 qoem
727 4167 797 4218 nietie
815 4168 937 4236 oopioeine
950 4169 1074 4239 diepntnvi
1090 4169 1116 4219 in
1128 4169 1249 4236 Prolego-

175 4254 254 4305 menie
272 4271 326 4321 cop.
344 4254 376 4303 11.
394 4261 420 4302 et
437 4252 482 4302 111.
