2678 4770
427 1310 869 1397 l‘ttnEFA'rtt).
919 1321 921 1327 ’

189 1796 249 1860 lom
268 1799 298 1860 in
316 1798 460 1881 publicem
478 1798 579 1876 emitto
598 1800 720 1883 primunr
738 1800 876 1863 volumen
893 1801 1030 1863 editionis
1047 1797 1182 1864 Seneeae
1234 1812 1237 1849 ἱ

105 1927 173 1978 ante
191 1915 349 1978 trienninm
365 1917 427 1975 lere
445 1915 629 1995 promissaes
654 1937 738 1998 qnam
754 1918 900 1998 quomodo
916 1927 1113 1999 comparatam
1130 1939 1183 1980 vo-
1234 1904 1239 1944 ⁵

105 2031 230 2107 luerim,
256 2050 321 2091 enm
338 2028 468 2111 pluribus
485 2028 662 2090 deseribitur
675 2030 705 2091 in
719 2028 943 2112 Prolegomenis
957 2032 1030 2093 meis
1049 2031 1184 2114 (Lipsiae
1218 2092 1220 2099 .

108 2147 225 2229 1839),
249 2155 309 2209 torn
333 2145 432 2230 paneis
452 2144 498 2208 lrie
521 2145 695 2209 adumbrare
717 2145 798 2210 libet.
845 2144 921 2210 Cum
944 2146 1021 2210 enim
1045 2146 1184 2211 vidissem

107 2264 136 2327 in
163 2275 241 2327 tanm
264 2264 403 2327 librorum
428 2255 570 2327 nostorum
589 2263 673 2349 eopia
694 2262 830 2328 Senecae
857 2285 947 2350 opera
969 2265 1184 2349 peronellae
1219 2332 1224 2342 ,

105 2384 262 2445 emendate
276 2382 346 2444 ierri
360 2382 500 2465 virosque
518 2381 661 2444 maiorum
678 2391 775 2446 aetate
789 2385 892 2447 doetos
909 2386 1044 2467 (quornm
1060 2383 1183 2468 gloriam

106 2501 320 2584 ego-prolecto
333 2521 393 2562 non
418 2520 490 2561 snm
508 2498 558 2582 qni
573 2499 752 2581 demetant
764 2500 856 2563 satius
878 2521 968 2584 saepe
983 2502 1107 2565 eluxisse
1130 2522 1184 2565 soa

10 2632 18 2649 ⁸
106 2615 241 2680 Senecae
262 2626 427 2695 commenta
446 2617 584 2700 ingerere
598 2637 684 2700 qnam
701 2637 789 2681 veras
812 2618 973 2702 scripturas
997 2639 1037 2681 en
1056 2617 1183 2701 antiquis

106 2733 189 2795 libris
212 2743 365 2818 repetere:
394 2734 473 2797 illins
498 2733 666 2817 scriptaad
690 2735 809 2797 rodiees
830 2745 887 2797 tam
912 2734 1075 2819 impressos
1097 2756 1184 2818 qnam

107 2861 199 2913 tristes
224 2851 445 2914 itaaereoensere
464 2850 595 2929 institui,
619 2851 887 2932 estantiquissinros
910 2862 941 2913 et
963 2851 1184 2934 probatissimos

108 2966 192 3050 qnasi
216 2967 307 3028 latres
327 2987 564 3050 sequerer-nee,
595 2966 652 3029 nisi
677 2967 877 3028 necessarium
901 2966 997 3028 visum
1023 2976 1124 3044 esset,
1148 2967 1184 3031 at

10 3140 13 3147 ,
107 3085 271 3148 deteriores
293 3083 498 3146 delleeterenn.
530 3083 563 3145 lei-
583 3081 708 3145 omnino
724 3081 892 3165 negligendi
913 3103 978 3144 non
990 3093 1098 3146 orante
1115 3104 1183 3149 nens

107 3203 261 3286 aliqnando
275 3201 433 3284 genuinam
448 3199 633 3284 scriptorem
640 3201 784 3277 reserent,
808 3198 873 3263 sive
890 3201 1102 3283 quodameasu
1120 3222 1183 3267 ser-

106 3331 214 3399 vatam,
238 3320 303 3383 sive
320 3318 398 3382 leliei
417 3317 596 3382 divinatione
608 3317 784 3381 restitutam.
819 3316 902 3381 llaro
918 3320 954 3381 atl
972 3320 1095 3384 aliorum
1113 3343 1184 3385 eon·

106 3438 232 3500 ieotnras
250 3436 386 3521 oonlngi‚
410 3435 511 3499 rarius
520 3437 608 3500 etiam
626 3456 710 3498 mens
723 3437 833 3520 recepi.
878 3434 982 3521 ltaque
1000 3441 1107 3502 laetum
1125 3430 1183 3516 est,

108 3566 139 3618 ut
161 3575 251 3640 stirpe
271 3555 451 3638 scripturam
474 3554 705 3637 elegantiorem,
734 3575 820 3636 qnam
845 3568 969 3633 vorant,
998 3555 1183 3639 repudiarem

107 3694 166 3734 non
190 3673 344 3735 immemor
364 3671 492 3735 omnium
513 3672 662 3734 annonem
686 3670 847 3754 scriptores
873 3673 921 3735 vel
947 3669 1184 3752 elegantissimos

109 3787 260 3867 aliqnando
284 3788 380 3852 nrinns
406 3789 557 3871 eleganter
582 3786 756 3871 scripsisse,
781 3789 855 3850 -sive
881 3808 952 3848 ease
974 3797 1183 3868 peecaverunt,

109 3901 175 3964 sive
191 3905 334 3967 eonsulto.
379 3904 459 3969 lolem
477 3905 509 3968 in
520 3904 665 3969 Seneearn
679 3905 786 3965 eadere
800 3911 920 3985 praeter
935 3909 1023 3962 totam
1037 3902 1101 3965 eins
1116 3923 1184 3967 ors·

108 4019 221 4082 tioneem
240 4016 363 4101 probant
378 4021 399 4083 ii
420 4021 494 4098 loci,
517 4021 549 4082 in
568 4020 673 4102 quibus
693 4036 834 4100 spernere
852 4036 885 4079 se
900 4017 1074 4102 elegantiam
1091 4032 1123 4084 et
1138 4022 1183 4085 ni·
1245 4050 1247 4056 ⁴

109 4146 203 4199 torem
223 4134 286 4218 ipse
302 4135 453 4218 profitetur
473 4137 525 4216 (el.
543 4134 602 4219 Ep.
621 4143 680 4212 ts,
704 4142 731 4196 l.
758 4143 835 4212 115,
856 4143 884 4200 1.
901 4136 968 4217 sl).
1015 4135 1184 4222 Scripturas
