2678 4770
508 364 543 427 la.
564 360 713 424 nunaut
736 358 910 422 SENECAE

414 635 450 706 L.
484 630 703 705 ΑΝΝΛΕΙ
736 627 996 703 SENECAE

551 785 608 846 no
640 782 861 843 uuouulou

206 919 754 1012 EPISTULARUM
800 913 1218 1004 MORALIUM

581 1083 738 1149 olona
758 1082 833 1150 xv.

630 1241 782 1250 -—---

512 1334 810 1404 amsancti.
834 1341 913 1416 (oc.)

456 1439 574 1505 Seneca
595 1437 721 1503 Lucumo
742 1461 797 1502 sco
819 1459 961 1501 snuunau.

256 1575 292 1641 Iu
306 1574 430 1660 epistula
446 1594 502 1657 qua
517 1574 553 1637 dc
566 1583 661 1636 morte
675 1570 872 1635 Metronactis
888 1571 1051 1657 philosophi
1064 1571 1255 1653 querebaris,

171 1689 319 1761 tamquam
341 1687 372 1740 et
392 1675 537 1761 potuisset
564 1673 673 1737 diutius
694 1673 798 1736 uiuere
820 1681 851 1735 et
873 1672 1041 1749 debuisset,
1072 1669 1256 1754 aequitatem

170 1787 251 1842 tuam
269 1777 434 1841 desideraui
453 1797 528 1860 quae
541 1774 594 1838 tibi
609 1775 640 1837 in
655 1773 734 1837 omiti
748 1793 892 1857 persona,
926 1774 957 1836 in
973 1773 1052 1836 omni
1064 1771 1183 1856 negotio
1202 1792 1257 1834 su·

171 1889 290 1965 penest,
314 1878 344 1942 in
360 1899 417 1941 una
431 1898 464 1941 re
479 1878 563 1941 deest
576 1876 608 1939 in
626 1896 684 1959 qua
699 1873 846 1937 omnibus.
890 1871 1003 1937 Multos
1021 1871 1123 1936 inueni
1140 1892 1256 1955 aequos

173 1980 317 2044 aduersos
331 1979 483 2058 homines,
514 1979 655 2042 aduersus
673 1977 744 2039 deos
760 1975 918 2038 neminem.
965 1972 1161 2059 Obiutgamus
1179 1974 1256 2036 coti-

173 2079 221 2144 die
242 2083 352 2144 fatum:
377 2079 480 2164 Quare
494 2079 545 2142 ille
560 2079 591 2142 in
610 2077 706 2141 medio
721 2097 809 2139 cursu
825 2086 925 2160 raptus
939 2077 1004 2139 est?
1025 2095 1115 2159 quare
1129 2073 1181 2137 ille
1194 2095 1256 2138 uon

173 2183 307 2266 rapitur?
332 2202 423 2263 quare
453 2190 634 2243 senectutem
666 2189 695 2241 et
722 2176 776 2240 sibi
799 2187 829 2239 et
852 2177 916 2240 aliis
944 2197 1065 2260 grauem
1094 2176 1256 2238 extendit?

148 2278 293 2357 aUteum,
311 2281 436 2343 obsecro
453 2289 492 2358 te,
511 2280 633 2363 aequius
649 2278 762 2341 iudicas
777 2288 807 2341 te
822 2287 944 2340 naturae
963 2299 1001 2340 an
1016 2277 1067 2340 tibi
1082 2297 1189 2362 parere
1202 2298 1255 2340 ua·

174 2380 293 2443 mmm?
315 2376 393 2461 Quid
408 2391 506 2443 autam
519 2380 644 2443 interest
657 2400 743 2461 quam
757 2377 815 2441 cito
827 2398 919 2442 exeas
933 2378 1123 2462 undantique
1138 2398 1256 2443 exeun-

174 2478 242 2543 dum
272 2481 337 2542 est?
377 2478 450 2542 Non
472 2490 505 2542 ut
526 2480 574 2542 diu
596 2479 730 2542 uiuamus
758 2480 916 2542 curandum
939 2490 1004 2559 est,
1037 2481 1091 2544 sed
1112 2490 1145 2542 ut
1165 2479 1253 2543 satis.

173 2577 253 2644 Nam
264 2589 297 2641 ut
311 2580 359 2641 diu
375 2579 459 2642 uiuos
473 2582 531 2643 fato
546 2602 619 2664 opus
634 2590 691 2659 est,
715 2590 748 2642 ut
762 2580 834 2643 satis
847 2581 956 2644 auimo.
1000 2578 1106 2665 Longa
1120 2592 1167 2644 est
1179 2583 1253 2660 uita,

174 2680 201 2744 si
223 2680 308 2766 piena
330 2689 394 2743 est:
429 2680 556 2765 inpletur
584 2691 700 2759 autem,
735 2701 800 2743 cum
822 2682 936 2745 animus
959 2682 1015 2746 sibi
1037 2683 1144 2746 bonum
1167 2704 1254 2747 suum

173 2782 299 2847 reddidit
313 2791 344 2845 et
358 2783 393 2844 ad
409 2802 442 2845 se
462 2792 636 2866 potestatem
650 2782 695 2845 sui
710 2785 867 2846 transtulit.
912 2782 991 2867 Quid
1010 2784 1090 2847 ilium
1105 2785 1257 2868 octoginta

174 2885 245 2948 anni
260 2884 362 2947 iuuant
375 2904 429 2968 per
442 2883 578 2947 inertiam
594 2884 712 2947 exacti?
734 2905 793 2946 ucu
809 2885 885 2947 uixit
902 2885 971 2964 iste,
995 2885 1047 2948 sed
1064 2885 1095 2948 in
1114 2887 1174 2947 uita
1191 2908 1255 2948 mo-

150 2996 258 3049 aratus
278 2994 341 3049 est:
376 3006 432 3048 uec
451 3005 519 3048 sero
542 2996 674 3048 mortuus
703 2994 769 3062 est,
801 2987 853 3048 sed
878 2986 937 3048 diu.
984 2983 1143 3070 Octoginta
1167 2986 1256 3049 annis

175 3086 263 3148 uixit.
309 3082 438 3149 Interest
449 3097 573 3150 montem
590 3086 654 3149 eius
669 3106 710 3149 ex
726 3107 783 3168 quc
800 3087 846 3149 die
863 3106 1013 3150 numeres.
1058 3085 1163 3149 Atilia
1182 3087 1257 3149 obiit

175 3183 289 3246 ontis.
337 3182 397 3248 Sed
414 3188 507 3248 officia
525 3187 593 3249 boni
611 3187 703 3266 ciuis,
726 3185 797 3250 boni
813 3187 918 3266 cunici,
942 3187 1011 3251 boni
1030 3187 1080 3250 utii
1092 3196 1254 3249 exsecutus

176 3292 242 3345 est:
275 3283 305 3344 iu
328 3285 406 3346 nulla
428 3296 511 3366 parte
533 3288 673 3349 cessauit.
719 3285 807 3349 Licet
828 3299 911 3352 aetas
934 3289 998 3353 eius
1019 3288 1175 3373 inperfecta
1197 3284 1250 3363 sit,

174 3382 237 3446 nita
247 3384 376 3466 perfecta
388 3394 446 3445 est.
491 3382 650 3468 Octoginta
662 3387 748 3450 annis
764 3389 852 3451 uixit.
897 3387 991 3452 Immo
1007 3386 1150 3470 octoginta
1164 3386 1255 3448 annis

173 3480 240 3568 suit
247 3531 260 3561 ‚
282 3482 339 3545 uisi
357 3484 433 3545 fonte
449 3483 493 3546 sic
509 3487 630 3549 settim
650 3507 717 3550 eum
736 3488 826 3568 dicis,
852 3493 997 3575 quomodo
1015 3490 1149 3554 dicuutur
1166 3487 1256 3550 arbo·

266 3616 324 3669 Lib.
342 3618 400 3668 XV.
435 3619 481 3685 Ep.
498 3618 521 3670 1.
542 3616 605 3687 (93.)
765 3621 791 3674 2
811 3623 949 3676 GPl.d.4.
965 3652 1001 3664 -
1015 3637 1042 3675 ee
1060 3631 1118 3690 poat
1140 3621 1256 3676 obsecro.

209 3688 432 3744 tot-(iteca
446 3696 505 3736 ante
517 3690 657 3757 potuisset.
731 3693 791 3750 a÷
803 3693 910 3743 iudicas
933 3706 960 3743 u
978 3709 1112 3762 parare
1129 3703 1255 3739 nectarae.

209 3755 313 3816 I-t-in
328 3771 383 3803 una
399 3767 517 3805 tamen
536 3774 565 3806 re
581 3757 664 3807 deest·
732 3760 976 3829 &disparem
992 3773 1126 3809 naturam.
1152 3759 1255 3811 81-oe

210 3822 298 3889 steph.
318 3820 360 3886 (ad
373 3821 475 3871 Dalech.
493 3824 513 3872 E
533 3858 539 3872 .
555 3820 608 3889 36.)
626 3824 656 3874 ci.
668 3831 694 3884 -Ι-
731 3849 767 3870 =
777 3827 795 3875 d
803 3845 852 3876 um
866 3829 956 3896 utique
971 3828 1119 3877 exeundum
1135 3837 1183 3873 eat.
1200 3825 1253 3882 Ἡ·

177 3889 280 3940 Multos
314 3889 372 3939 eni
379 3907 403 3939 m
429 3889 469 3939 vel
526 3908 577 3940 oin
602 3892 699 3943 multos
732 3895 905 3963 candentique
919 3895 1029 3944 semel
1042 3894 1190 3943 exeundum
1206 3904 1256 3942 eet.

176 3954 276 4004 inveni.
311 3955 392 4007 mCol.
408 3979 443 3999 =
459 3958 561 4008 Multos
580 3960 697 4010 memini.
732 3964 759 4015 iii
771 3989 804 3999 --
819 3965 843 4015 z
856 3989 891 3999 -
905 3974 934 4011 ut
948 3971 1008 4011 ante
1025 3965 1156 4012 vivamus.
1193 3959 1258 4011 I-

175 4020 313 4079 ffl-OEt-
326 4035 356 4070 at
374 4027 505 4076 odoenus
526 4026 599 4078 decc.
635 4029 695 4086 ΙΗ-
735 4043 775 4080 eat
789 4038 847 4097 post
864 4031 1020 4079 curandum.
1049 4030 1166 4077 B=nec
1179 4044 1259 4077 sce-

177 4086 247 4163 ille
263 4101 358 4158 raptus
377 4104 425 4141 eac.
462 4093 701 4164 Gtmoe)-quan
736 4116 774 4147 ro
791 4108 923 4147 moratus
938 4114 972 4147 cr.
992 4110 1112 4147 mortuus
1127 4106 1175 4146 eat.
1210 4089 1257 4143 1³³.

177 4153 225 4202 alle
240 4172 293 4205 non
317 4159 431 4225 rapitur.
466 4160 493 4212 tt
508 4185 543 4199 -
558 4163 614 4220 Gl-
638 4161 702 4211 haec
734 4160 957 4218 tut-(a-en
973 4174 1031 4230 poet
1047 4176 1174 4213 mortuus.

178 4217 304 4271 collocant
319 4234 377 4273 ante
389 4229 478 4289 Quare
499 4226 547 4278 itta
562 4230 592 4278 in
613 4229 701 4280 medio
768 4229 793 4282 3.
808 4231 1021 4299 ῦ(ιιιω)-νιία
1032 4228 1259 4299 perfecto-an-

179 4300 268 4336 am·
734 4298 779 4349 nie
803 4299 882 4351 vixit.
916 4298 1122 4369 G=quomcdc
1141 4297 1259 4347 dicitur
